<record><leader>00000cas a22000007a 4500</leader><controlfield tag="001">35154569</controlfield><controlfield tag="008">960729d192u1931ncudr ne      0    0eng d</controlfield><datafield ind1=" " ind2=" " tag="010"><subfield code="a">sn 96086013 </subfield></datafield><datafield ind1=" " ind2=" " tag="040"><subfield code="a">NVJ</subfield><subfield code="b">eng</subfield><subfield code="c">NVJ</subfield><subfield code="d">OCLCQ</subfield></datafield><datafield ind1=" " ind2=" " tag="042"><subfield code="a">msc</subfield></datafield><datafield ind1="0" ind2=" " tag="130"><subfield code="a">Burlington daily times (Burlington, N.C.)</subfield></datafield><datafield ind1="1" ind2="0" tag="245"><subfield code="a">Burlington daily times.</subfield></datafield><datafield ind1=" " ind2=" " tag="260"><subfield code="a">Burlington, N.C. :</subfield><subfield code="b">Burlington News Co.</subfield></datafield><datafield ind1=" " ind2=" " tag="300"><subfield code="a">v.</subfield></datafield><datafield ind1=" " ind2=" " tag="310"><subfield code="a">Daily (except Sun.)</subfield></datafield><datafield ind1="0" ind2=" " tag="362"><subfield code="a">-v. 11, no. 177 (Oct. 31, 1931).</subfield></datafield><datafield ind1=" " ind2=" " tag="588"><subfield code="a">Description based on: Vol. 3, no. 271 (Jan. 12, 1925).</subfield></datafield><datafield ind1=" " ind2=" " tag="752"><subfield code="a">United States</subfield><subfield code="b">North Carolina</subfield><subfield code="c">Alamance</subfield><subfield code="d">Burlington.</subfield></datafield><datafield ind1="0" ind2="0" tag="780"><subfield code="t">Burlington daily news (Burlington, N.C.)</subfield><subfield code="w">(DLC)sn 96086012</subfield></datafield><datafield ind1="0" ind2="7" tag="785"><subfield code="t">Burlington news (Burlington, N.C.)</subfield><subfield code="w">(DLC)sn 92073216</subfield></datafield><datafield ind1="0" ind2="7" tag="785"><subfield code="t">Burlington daily times-news</subfield><subfield code="w">(DLC)sn 96086014</subfield></datafield></record>